@article{NewsAuthorshipIdentificationwithDeepLearning,
    title={News Authorship Identification with Deep Learning},
    author={Liuyu Zhou},
    year={2016}
}
@article{OverviewoftheAuthorIdentificationTaskatPAN2018,
    title={Overview of the Author Identification Task at PAN-2018},
    author={Mike Kestemont and Michael Tschuggnall and Efstathios Stamatatos and Walter Daelemans},
    year={2018}
}
@article{Tableforestimatingthegoodnessoffitofempiricaldistributions,
    title={Table for estimating the goodness of fit of empirical distributions},
    author={N. Smirnov},
    journal="Annals of Mathematical Statistics",
    volume="19",
    year={1948}
}
@article{WritingstyledeterminationusingtheKNNtextmodel,
    title={Writing style determination using the KNN text model},
    author="Granichin O. and Kizhaeva N. and Shalymov D. and Volkovich Z.",
    year={2015}
}
@article{QuantitativeauthorshipattributionAnevaluationoftechniques,
    title={Quantitative authorship attribution: An evaluation of techniques},
    author={J. Grieve},
    year={2007}
}
@article{Asurveyofmodernauthorshipattributionmethods,
    title={A survey of modern authorship attribution methods},
    author={Stamatatos},
    journal="Journal of the American Society for Information Science and Technology",
    year={2009}
}
@article{FindingParticipantsinaChatAuthorshipAttributionforConversationalDocuments,
    title={Finding Participants in a Chat: Authorship Attribution for Conversational Documents},
    author={Giacomo Inches and Morgan Harvey and Fabio Crestani},
    year={2013}
}
@article{StylometricAnalysisofScientificArticles,
    title={Stylometric Analysis of Scientific Articles},
    author={Shane Bergsma and Matt Post and David Yarowsky},
    year={2017}
}
@article{IdentificationAuthorByFrequencies,
    title={Идентификація автора текста за розподілом частот буквосполучень},
    author={Борисов Л.А. та Орлов Ю.Н. та Осминин К.П. },
    year={2013}
}
@article{Authoridentificationinshorttexts,
    title={Author identification in short texts},
    author={Marcia Fissette},
    year={2010}
}
@article{AnAssumptioninMachineLearning,
    title={Author identification in short text},
    author={D.A. Klyushin and S.I. Lyashko and S.S. Zub}
}